@inproceedings{mccabe,
 author = {McCabe, Thomas J.},
 title = {A Complexity Measure},
 booktitle = {Proceedings of the 2Nd International Conference on Software Engineering},
 series = {ICSE '76},
 year = {1976},
 location = {San Francisco, California, USA},
 pages = {407--},
 url = {http://dl.acm.org/citation.cfm?id=800253.807712},
 acmid = {807712},
 publisher = {IEEE Computer Society Press},
 address = {Los Alamitos, CA, USA},
 keywords = {Basis, Complexity measure, Control flow, Decomposition, Graph theory, Independence, Linear, Modularization, Programming, Reduction, Software, Testing},
} 

@ARTICLE{code-coverage,
  author = {Miller, J.C. and Maloney, C. J.},
  title = {Systematic mistake analysis of digital computer programs},
  journal = {Communications of the ACM},
  year = {1963}
}


@ARTICLE{aniche-csmr,
  author = {Aniche, M. F. and Gerosa, M. A.},
  title = {What Do the Asserts in a Unit Test Tell Us about Code Quality? A Study on Open Source and Industrial Projects},
  journal = {17th European Conference on Software Maintenance and Reengineering (CSMR)},
  year = {2013}
}

@ARTICLE{tiago,
  author = {Alves, T. L. and Visser, J.},
  title = {Static Estimation of Test Coverage},
  journal = {IEEE International Working Conference on Source Code Analysis and Manipulation},
  year = {2009}
}

@ARTICLE{sebastian,
  author = {Elbaum, S. and Gable, D. and Rothermel, G.},
  title = {The Impact of Software Evolution on Code Coverage Information},
  journal = {IEEE International Conference on Software Maintenance},
  year = {2001}
}

@ARTICLE{del-frate,
  author = {Del Frate, F. and Garg, P. and et al.},
  title = {On the correlation between code coverage and software reliability},
  journal = {Sixth International Symposium on Software Reliability Engineering},
  year = {1995}
}

@ARTICLE{mei-hwa,
  author = {Chen, M. and Lyu, M. R. and Wong, W.E.},
  title = {An empirical study of the correlation between code coverage and reliability estimation},
  journal = {Proceedings of the 3rd International Software Metrics Symposium},
  year = {1996}
}
